@misc{Sweets,
author = {Emmanuel Abbe},
title = {Community detection and stochastic block models : Recent developments},
journal = {Journal of Machine Learning Research},
volume = {18(177)},
pages = {1-86},
year = {2018},
}

@misc{Demaine2007,
 author = {Santo Fortunato},
 title = {Community  detection in graphs},
 journal = {Physics Report},
 volume = {486(3-5)},
 pages = {75-174},
 year = {2010},
} 
